@INCOLLECTION{Duden2001a,
  title = {Ausgeglichener Baum},
  booktitle = {Duden Informatik},
  publisher = {Dudenverlag},
  year = {2001},
  editor = {Volker Claus and Andreas Schwill},
  pages = {61--64},
  address = {Mannheim},
}

@INCOLLECTION{Duden2001b,
  title = {Binärer Baum},
  booktitle = {Duden Informatik},
  publisher = {Dudenverlag},
  year = {2001},
  editor = {Volker Claus and Andreas Schwill},
  pages = {100--101},
  address = {Mannheim},
}

@BOOK{Jensen2001,
  title = {Realistic Image Synthesis Using Photon Mapping},
  publisher = {A K Peters},
  year = {2001},
  author = {{Henrik W.} Jensen},
  address = {Natick},
  edition = {1. Auflage},
}

@BOOK{Knuth1997,
  title = {The Art of Computer Programming},
  publisher = {Addison-Wesley},
  year = {1998},
  author = {{Donald E.} Knuth},
  volume = {3, Sorting and Searching},
  address = {Reading},
  edition = {2. Auflage},
}

@CONFERENCE{Larsen2004,
  author = {{Bent D.} Larsen and {Niels J.} Christensen},
  title = {Simulating Photon Mapping for Real-time Applications},
  year = {2004},
  booktitle = {Eurographics Symposium on Rendering},
  editor = {Henrik Wann Jensen, Alexander Keller},
}

@BOOK{Papula2001,
  title = {Mathematik für Ingenieure und Naturwissenschaftler},
  publisher = {vieweg},
  year = {2001},
  author = {Lothar Papula},
  volume = {1},
  address = {Braunschweig},
  edition = {10. Auflage},
}

@INPROCEEDINGS{Purcell2003,
  author = {{Timothy J.} Purcell and Craig Donner and Mike Cammarano and {Henrik W.} Jensen and Pat Hanrahan},
  title = {Photon Mapping on Programmable Graphics Hardware},
  booktitle = {Proceedings of the ACM SIGGRAPH/EUROGRAPHICS Conference on Graphics Hardware},
  year = {2003},
  pages = {41--50},
  location = {San Diego},
  publisher = {Eurographics Association},
}

@INCOLLECTION{Purgathofer2002,
  author = {Werner Purgathofer and Eduard Gröller},
  title = {Grafische Datenverarbeitung},
  booktitle = {Informatik-Handbuch},
  publisher = {Hanser},
  year = {2002},
  editor = {Peter Rechenberg and Gustav Pomberger},
  pages = {807--854},
  address = {München},
}

@BOOK{Shneiderman1998,
  title = {Designing the User Interface},
  publisher = {Addison-Wesley},
  year = {1998},
  author = {Ben Shneiderman},
  address = {Reading},
  edition = {3. Auflage},
}

@BOOK{Shreiner2004,
  title = {OpenGL Programming Guide},
  publisher = {Addison-Wesley},
  year = {2004},
  editor = {{OpenGL Architecture Review Board}},
  author = {Dave Shreiner and Mason Woo and Jackie Neider and Tom Davis},
  address = {Boston},
  edition = {4. Auflage},
}

@BOOK{Shirley2005,
  title = {Fundamentals of Computer Graphics},
  publisher = {A K Peters},
  year = {2005},
  author = {Peter Shirley},
  address = {Wellesley},
  edition = {2. Auflage},
}

@BOOK{Zuellighoven1998,
  title = {Das objektorientierte Konstruktionshandbuch},
  publisher = {dpunkt.verlag},
  year = {1998},
  author = {Heinz Züllighoven},
  address = {Heidelberg},
  edition = {1. Auflage},
}

@BOOKLET{Wikipedia2007a,
  title = {Photon Mapping},
  lastchecked = {26.01.2007},
  editor = {Wikipedia},
  key = {Wikipedia 2005a},
  url = {http://de.wikipedia.org/wiki/Photon_Mapping},
}

@BOOKLET{Wikipedia2007b,
  title = {Kd-Baum},
  lastchecked = {28.01.2007},
  editor = {Wikipedia},
  key = {Wikipedia 2005b},
  url = {http://de.wikipedia.org/wiki/K-d-Baum},
}
